2216 3380
247 177 343 225 142
859 166 1157 212 TERENTI
1182 161 1463 212 'ANDRIA

390 311 517 365 Non
549 311 679 365 dum
709 310 824 364 scis.
902 313 993 364 Ca.
1048 311 1166 365 Scio
1194 311 1444 379 equidem
1472 312 1619 366 illam
1648 312 1940 366 ducturum
1970 314 2082 366 esse
2097 334 2142 368 35

527 410 599 447 te.

120 475 222 526 660
238 479 335 530 Pa.
390 477 502 531 Cur
529 498 612 530 me
640 476 816 530 enicas
843 477 860 529 ?
935 476 1053 530 Hoc
1081 478 1238 531 audi:
1285 480 1584 545 numquam
1613 478 1823 532 destitit

390 560 618 623 Instare,
648 576 709 613 ut
736 560 966 613 dicerem
996 581 1080 613 me
1107 561 1398 614 ducturum
1428 561 1598 627 patri3

390 643 641 706 Suadere,
669 645 821 696 orare
850 664 1018 710 usque
1046 643 1180 696 adeo
1208 644 1376 696 donec
1406 643 1654 711 perpulit.

238 727 331 779 Ca.
389 726 522 794 Quis
596 726 760 779 homo
831 729 973 779 istuc
998 727 1016 779 ?
1088 729 1185 779 Pa.
1241 727 1443 779 Davos.
1521 729 1613 780 Ca.
1669 727 1854 780 Davos
1880 727 1898 780 ?

525 809 705 877 Quam
732 809 801 862 ὁὶ)
831 830 940 863 rem
967 809 985 862 ?
1058 812 1155 862 Pa.
1208 810 1421 872 Nescio,

355 936 359 941 .
387 892 506 946 Nisi
530 895 604 945 mi
625 893 752 946 deos
775 892 936 946 fuisse
958 892 1141 955 iratos,
1165 893 1256 960 qui
1281 893 1714 950 auscultaverim.

117 967 214 1032 665
238 976 331 1028 Ca.
394 975 679 1029 Factfimst
707 975 826 1038 hoc,
857 976 1013 1028 Dave
1039 976 1057 1028 ?

532 1061 624 1121 ais,
655 1059 824 1112 scelus
850 1059 868 1111 ?

1129 977 1230 1028 Da.
1263 976 1562 1029 Factumst.
1640 978 1732 1029 Ca.
1764 976 1923 1039 Hem,
1951 977 2081 1044 quid

386 1141 461 1195 At
486 1141 587 1195 tibi
616 1141 668 1194 di
697 1142 918 1209 dignum
947 1141 1104 1195 factis
1131 1141 1353 1196 exitium
1381 1142 1538 1196 duint
1561 1142 1573 1195 Ι

390 1225 525 1288 Eho,
555 1225 639 1278 dic
668 1225 816 1287 mihi,
845 1224 886 1277 si
914 1227 1100 1278 6mnes
1127 1225 1271 1279 hfinc
1297 1225 1600 1279 coniectum
1628 1225 1682 1279 in
1708 1225 1928 1293 nuptias

389 1308 599 1361 Inimici
627 1308 846 1370 vellent,
875 1308 1020 1375 qu6d
1048 1307 1148 1360 nisi
1176 1308 1277 1361 hoc
1303 1308 1584 1362 consilium
1612 1309 1806 1362 darent
1829 1308 1848 1362 ?

234 1393 336 1444 Da.
389 1392 664 1458 Deceptus
708 1412 846 1454 sum,
900 1393 958 1445 at
1009 1411 1117 1444 non
1170 1390 1514 1459 defetigatus.
1592 1393 1685 1446 Ca.
1739 1393 1790 1457 [I
1791 1393 2080 1460 ronically]

526 1474 661 1529 Scio.

114 1562 216 1625 670
233 1559 334 1610 Da.
385 1558 504 1610 Hac
531 1559 638 1610 non
667 1557 938 1621 successit,
969 1557 1074 1611 alia
1103 1557 1477 1625 adgrediemur
1504 1558 1623 1611 via:

383 1640 501 1693 Nisi
527 1641 581 1694 id
612 1643 790 1708 putas,
821 1641 949 1708 quia
977 1643 1150 1708 primo
1178 1643 1436 1708 processit
1463 1662 1672 1709 parum,

385 1723 510 1777 Non
540 1726 693 1791 posse
720 1723 828 1778 iam
857 1725 924 1777 ad
953 1725 1184 1778 salutem
1213 1724 1458 1778 convorti
1487 1725 1587 1778 hoc
1616 1726 1835 1778 malum.

233 1808 331 1859 Pa.
386 1807 562 1860 Immo
590 1807 755 1861 etiam
780 1807 791 1860 ἱ
863 1807 1010 1861 Nam
1039 1807 1170 1861 satis
1198 1808 1374 1871 credo,
1403 1807 1443 1860 si
1473 1807 1868 1875 advigilaveris,

387 1890 466 1943 Ex
494 1890 612 1944 finis
639 1890 879 1957 geminas
908 1890 1038 1944 mihi
1066 1890 1319 1944 conficies
1347 1890 1583 1958 nuptias.

114 1974 212 2039 675
233 1974 335 2026 Da.
387 1973 517 2040 Ego,
549 1973 807 2041 Pampile‚
837 1974 938 2027 hoc
963 1973 1063 2027 tibi
1093 1976 1188 2042 pr6
1215 1974 1435 2027 servitio
1462 1974 1649 2038 debeo,

385 2055 584 2110 Conari
614 2057 864 2110 manibus
893 2057 1120 2125 pedibus
1148 2057 1430 2125 noctisque
1457 2059 1511 2111 et
1538 2057 1667 2121 dies,

385 2139 596 2207 Capitis
626 2140 884 2207 periclum
914 2141 1077 2204 adire,
1106 2141 1236 2195 dum
1266 2143 1464 2208 prosim
1490 2140 1591 2194 tibi
1608 2161 1622 2204 ;

294 2301 400 2344 660.
449 2301 641 2344 enicas:
747 2296 974 2358 “plague
1060 2311 1113 2345 to

232 2371 431 2427 death‚’'
484 2391 510 2419 a
559 2391 783 2421 common
833 2373 1113 2434 colloquial-

232 2447 337 2495 ism.
420 2446 527 2495 The
553 2449 685 2496 word
715 2448 752 2496 is
783 2467 842 2496 an
871 2449 1112 2497 intensive

232 2524 508 2584 compound
546 2524 602 2572 of
633 2543 757 2581 neco,
798 2525 827 2544 “
851 2524 985 2572 kill.”

294 2605 398 2658 664.
445 2605 541 2648 nisi
599 2600 725 2648 after
781 2603 935 2650 nescio
992 2601 1110 2661 with

232 2675 410 2737 ellipsis
458 2677 514 2724 of
554 2677 650 2725 scio
700 2676 739 2724 is
789 2695 1014 2725 common
1063 2677 1111 2725 in

233 2752 489 2814 colloquial
515 2751 690 2811 Latin3
724 2754 963 2802 translate
989 2754 1017 2773 “
1035 2773 1115 2801 ex-

232 2843 344 2889 cept
367 2828 529 2877 that.’'

295 2910 399 2953 666.
450 2910 589 2954 duint
645 2905 683 2953 is
741 2906 825 2954 the
882 2906 1112 2967 subjunc-

234 2980 333 3029 tive
358 2981 414 3029 of
433 2983 539 3038 duo,
568 2999 629 3029 an
657 2982 790 3043 early
815 2981 960 3030 Latin
986 2978 1112 3031 v‘ari-

233 3072 319 3106 ant
379 3057 435 3105 of
489 3060 561 3114 do,
622 3058 784 3106 whose
846 3058 1111 3108 indicative

1200 2316 1368 2346 occurs
1414 2296 1483 2356 (in
1526 2297 1848 2358 compounds)
1895 2296 2078 2345 several

1200 2373 1342 2422 times
1368 2372 1415 2421 ln
1443 2372 1660 2421 Plautus.

1262 2455 1352 2507 670
1374 2455 1408 2497 f.
1457 2454 1697 2498 successit
1721 2449 1815 2497 and
1842 2455 2080 2508 processit

1201 2544 1280 2574 are
1302 2525 1422 2574 both
1442 2525 1749 2586 impersonal.
1806 2524 1882 2574 Cf.
1903 2544 2081 2574 succes-

1197 2604 1315 2650 sisse
1330 2601 1379 2649 in
1400 2601 1675 2649 Suetonius’
1696 2602 1802 2660 Life
1820 2603 1872 2661 os
1890 2603 2081 2650 Terence

1200 2695 1242 2739 4,
1271 2678 1614 2726 Introduction
1641 2697 1763 2739 page
1786 2679 1861 2738 46,
1886 2679 1915 2726 Ι.
1942 2692 1983 2738 5.

1262 2760 1366 2812 673.
1414 2760 1565 2802 immo
1621 2760 1796 2802 etiam:
1868 2754 1943 2803 for
1995 2754 2078 2803 the

1200 2830 1442 2891 meaning,
1474 2849 1550 2878 see
1578 2848 1641 2878 on
1671 2832 1776 2891 655.

1261 2913 1366 2966 675.
1413 2925 1498 2966 pro
1542 2913 1766 2955 servitio:
1829 2907 1857 2926 “
1882 2926 1933 2955 as
1957 2925 2079 2968 your

1200 2983 1331 3031 slave
1352 2982 1410 3040 '';
1489 2983 1698 3044 literally
1758 2982 1858 3031 “in
1918 2983 2079 3031 virtue

1198 3059 1255 3108 of
1311 3078 1396 3121 my
1459 3059 1700 3120 slavery.''

2099 917 2147 950 40

2099 1415 2147 1450 45

2100 1913 2148 1950 50
