2216 3380
799 159 1009 208 ACTUS
1053 162 1110 219 V,
1155 161 1364 208 SCENA
1405 162 1456 207 II
1951 155 2044 206 161

542 320 719 370 DAvos
869 319 1082 368 CREMEs
1233 318 1358 366 SIMo
1510 317 1701 366 DRoMO

542 413 729 445 SERvos
891 412 1060 444 SENEX
1213 410 1383 443 sENEx
1479 409 1729 441 LORARIUS

283 505 458 568 [Enter
515 504 685 555 Davos
734 502 875 569 from
934 498 1279 554 Glucerium's
1337 501 1506 551 house.
1584 501 1666 550 He
1725 498 1919 551 doesn’t
1974 519 2056 552 see

213 589 415 640 Cremes
453 588 561 638 and
598 587 741 638 Simo
769 585 858 652 sor
895 604 926 636 a
966 583 1218 646 moment.]

211 672 312 722 Da.
364 669 835 733 [Tothosewithin]
890 651 1543 719 Animonunciamotioso
1559 667 1890 732 esseimpero
1931 706 1942 717 .
1987 706 1997 717 .
2041 706 2051 717 .

502 753 586 804 Cr.
641 736 742 804 Em
771 750 988 803 Davom
1015 748 1114 801 tibi
1141 748 1150 800 !

214 837 289 889 Si.
361 820 519 889 Unde
536 833 847 901 egreditur?
898 834 1000 884 Da.
1044 874 1054 884 .
1098 874 1108 884 .
1152 873 1162 883 .
1204 833 1323 884 meo
1342 831 1606 899 praesidio
1625 847 1789 898 atque
1808 830 2051 898 hospitis.

502 919 578 971 Si.
627 916 770 984 Quid
799 915 927 969 illfid
957 915 1137 968 malist
1163 914 1179 966 ?

211 1003 313 1054 Da.
365 987 478 1068 Ego
521 999 940 1054 commodiorem
984 998 1276 1060 hominem,
1324 998 1641 1059 adventum,
1686 999 1903 1063 tempus
1947 998 2054 1050 non

500 1083 628 1137 vidi.
706 1084 782 1136 Si.
836 1082 1032 1145 Scelus,

91 1173 190 1235 ‘845
359 1169 533 1236 Quem
581 1187 708 1220 nam
755 1165 840 1219 hic
887 1165 1119 1219 laudat?
1197 1167 1298 1217 Da.
1350 1150 1540 1218 Omnis
1591 1165 1668 1216 res
1717 1179 1797 1217 est
1846 1163 1951 1217 iam
2000 1165 2054 1216 in

500 1250 658 1303 vado.
737 1251 812 1302 Si.
867 1248 1032 1302 Cesso
1061 1247 1323 1315 adloqui?

283 1335 469 1399 [Davos
493 1354 600 1386 sees
628 1335 831 1386 Cremes
859 1334 966 1385 and
993 1333 1172 1396 Simo]

211 1418 313 1470 Da.
363 1418 578 1483 [Aside.]
656 1401 791 1469 Erus
838 1432 935 1468 est.
1010 1415 1153 1483 Quid
1205 1414 1404 1482 agam?
1481 1416 1555 1467 Si.
1609 1413 1657 1467 O
1703 1414 1867 1477 salue,
1918 1414 2057 1466 bone

499 1499 597 1554 vir.
671 1501 773 1552 Da.
827 1500 1099 1567 [Feigning
1168 1499 1435 1566 surprise]
1515 1482 1685 1550 Ehem
1758 1496 1938 1551 Simo!
2010 1496 2059 1550 O

478 1598 480 1600 ’
501 1585 685 1637 noster
711 1582 928 1636 Cremes
954 1582 963 1635 !

362 1652 561 1721 Omnia
589 1668 854 1734 apparata
881 1666 989 1719 iam
1016 1681 1144 1718 sunt
1169 1667 1334 1718 intus.
1406 1666 1482 1717 Si.
1538 1665 1879 1732 [Irom'cally]
1951 1661 2058 1717 Cu-

404 1778 419 1802 ·
503 1752 635 1802 rasti
661 1749 840 1817 pr'obe.

212 1834 315 1886 Da.
363 1818 471 1888 Ubi
519 1833 683 1896 voles,
734 1834 956 1886 accerse.
1035 1834 1110 1885 Si.
1167 1832 1506 1899 [Ironically]
1587 1831 1730 1884 Bene
1779 1851 1936 1894 sane;
2002 1830 2056 1883 id

503 1916 644 1970 enim
672 1918 799 1969 vero
826 1916 950 1968 hinc
976 1918 1119 1969 nunc
1148 1915 1316 1967 abest.

366 2000 646 2067 [Severely]
724 1984 906 2052 Etiam
959 2013 1021 2051 tu
1075 1998 1175 2050 hoc
1230 1998 1521 2064 responde:
1596 1997 1725 2064 quid
1780 1996 1900 2050 istic
1953 1995 2056 2050 tibi

502 2081 780 2149 negotist?
851 2082 954 2134 Da.
1008 2080 1230 2133 Mihin?
1306 2082 1381 2133 Si.
1436 2080 1539 2133 Ita.

414 2252 521 2302 ACT
553 2252 597 2303 V
662 2252 831 2301 SCENE
867 2268 894 2300 2
1182 2216 1276 2277 ing,
1318 2236 1393 2265 see
1431 2235 1494 2264 on
1535 2218 1871 2277 546.—bene
1910 2234 2056 2266 sane:

1178 2312 1291 2341 sane
1317 2293 1624 2353 strengthens
1650 2295 1787 2350 bene‚·
1820 2293 2057 2342 translate

278 2378 382 2430 842.
430 2389 572 2422 esse:
645 2372 822 2433 impero
878 2370 917 2419 is
974 2370 1090 2418 used
1181 2369 1350 2430 “very
1412 2369 1726 2417 fine!’'—id
1787 2369 1936 2418 refers
2003 2382 2056 2416 to

215 2448 332 2497 with
394 2467 422 2497 a
481 2447 673 2510 passive
730 2465 786 2496 or
843 2447 1092 2508 deponent
1180 2452 1604 2494 accerse.—hinc:
1644 2446 1815 2494 “from
1848 2447 1941 2505 (to)
1974 2445 2057 2494 the

217 2524 456 2573 infinitive
495 2539 548 2574 at
587 2524 649 2573 all
690 2523 880 2586 periods
904 2523 974 2582 ‘of
1008 2523 1091 2571 the
1180 2537 1373 2583 present
1408 2521 1693 2570 situation.''

219 2600 468 2662 language.
533 2600 670 2650 With
695 2620 791 2649 esse
817 2600 856 2649 it
882 2600 920 2648 is
947 2617 1065 2647 rare.
1241 2605 1345 2657 849.
1395 2605 1544 2648 etiam
1601 2617 1712 2659 goes
1770 2599 1887 2647 with
1947 2601 2057 2655 hoc,·

281 2682 385 2735 844.
432 2682 596 2726 scelus
621 2677 659 2726 is
686 2676 802 2725 used
832 2694 882 2724 as
909 2675 957 2723 in
984 2690 1088 2735 317.
1179 2674 1208 2693 “
1231 2675 1327 2723 this
1391 2673 1525 2724 too.''
1596 2675 1763 2723 Davos
1829 2675 1914 2723 has
1979 2694 2056 2722 ex-

281 2758 385 2811 845.
432 2758 584 2802 vado:
622 2753 652 2772 “
674 2753 871 2802 shallow
890 2750 1089 2800 water.''
1181 2751 1370 2812 plained
1402 2769 1493 2799 one
1524 2751 1682 2800 factor
1712 2751 1759 2798 in
1791 2751 1875 2800 the
1906 2751 2055 2799 situa-

221 2828 314 2877 For
336 2829 419 2878 the
445 2828 607 2889 figure,
632 2847 858 2890 compare
882 2833 986 2889 480.
1179 2827 1309 2884 tion.;
1380 2845 1487 2875 now
1538 2827 1596 2875 he
1649 2845 1762 2888 may
1813 2827 1939 2875 clear
1990 2845 2054 2887 up

281 2911 387 2963 846.
434 2914 600 2954 noster
656 2923 770 2966 may
827 2904 886 2953 be
942 2904 1091 2965 freely
1180 2904 1398 2952 another.
1465 2903 1643 2952 Others
1675 2904 1831 2964 prefer
1860 2918 1911 2952 to
1941 2904 2055 2952 take

221 2982 450 3030 rendered
477 2981 506 3000 ‘⁴
529 2999 612 3042 my
634 2980 798 3030 dear.”
1178 2982 1317 3028 etiam
1366 2979 1483 3028 with
1535 2979 1619 3028 the
1669 2980 1971 3041 imperative.
1994 3006 2055 3012 -

282 3063 387 3116 848.
434 3075 658 3106 accerse:
708 3056 782 3105 for
813 3056 897 3106 the
930 3074 1091 3104 mean·
1178 3061 1270 3104 ita:
1315 3055 1498 3116 “yes.'’

384 3147 485 3176 TER.
519 3147 818 3175 ANDRlA-II
