2216 3380
148 486 242 537 520

142 1067 236 1120 525

143 1485 242 1536 530

267 160 363 209 126

884 160 1186 210 TERENTI‘
1224 166 1485 211 ANDRIA

261 310 361 361 Da.
409 309 541 376 Quis
598 308 762 375 igitur
816 330 939 362 eum
998 310 1064 362 ab
1123 310 1215 363 illa
1272 310 1535 364 abstraxit
1591 311 1690 364 nisi
1746 312 1886 379 ego?
1957 312 2103 366 Nam

548 394 733 444 omnes
761 394 856 444 nos
885 392 1103 459 quidem

412 475 635 537 Scimus,
672 477 836 542 quam
872 475 1060 528 misere
1094 476 1233 529 hanc
1268 475 1480 529 amarit.

550 558 769 624 expetit.

413 641 692 694 Postremo
714 641 768 694 id
796 641 928 694 mihi
955 642 1021 694 da
1048 642 1259 709 negoti;
1302 645 1365 696 ti'i
1388 659 1574 696 tamen
1597 644 1741 696 idem
1766 644 1862 697 has
1886 644 2105 712 nuptias

404 723 580 805 ¹l³erge
607 724 780 777 facere
806 723 884 778 ita
910 727 972 778 fit
998 725 1145 788 facis,
1174 742 1228 779 et
1254 725 1305 778 id
1334 728 1488 794 spero
1515 726 1794 780 adiuturos
1821 727 1964 780 deos.

411 807 588 861 Immo
621 807 708 860 abi
738 810 899 861 intro.

550 892 632 944 est
661 911 808 958 para.

262 808 337 860 Si.

978 808 1061 861 Ibi
1094 830 1178 862 me
1209 811 1453 877 opperire
1484 825 1540 863 et
1570 810 1715 877 quod
1749 812 1940 878 parato
1970 831 2106 878 opus

1183 893 1326 956 [Exit
1354 894 1526 945 Davos
1555 894 1663 946 into
1694 893 1886 946 Simo's
1915 895 2104 959 house]

410 974 536 1027 Non
562 975 763 1041 inpulit
789 995 891 1038 me,
921 974 1053 1028 haec
1079 977 1222 1029 nfinc
1249 978 1471 1029 omnino
1500 992 1561 1029 ut
1587 976 1875 1039 crederem,

408 1056 592 1125 Atque
618 1057 763 1111 haud
793 1058 902 1111 scio
930 1060 997 1111 an
1026 1079 1165 1126 quae
1193 1059 1328 1112 dixit
1355 1061 1465 1113 sint
1489 1080 1618 1112 vera
1644 1059 1842 1113 omnia.

415 1141 517 1194 Sed
548 1141 700 1208 parvi
730 1135 937 1208 pend03
984 1141 1114 1195 illud
1144 1142 1274 1195 mihi
1303 1143 1476 1196 multo
1504 1145 1891 1207 maxumumst‚

407 1224 565 1292 Quod
596 1224 725 1277 mihi
755 1225 1051 1292 pollicitust
1078 1227 1192 1293 ipse
1219 1227 1432 1293 gnatus.

1509 1226 1672 1280 Nsinc
1699 1226 1948 1280 Cremem

411 1307 766 1371 Conveniam,
795 1309 962 1361 orabo
988 1311 1156 1376 gnato
1185 1311 1419 1362 uxorem.
1497 1309 1548 1363 Si
1574 1312 1825 1377 impetro,

411 1391 554 1459 Quid
585 1391 716 1444 alias
746 1392 929 1445 malim
958 1413 1122 1459 quam
1151 1391 1309 1459 hodie
1336 1392 1432 1445 has
1459 1391 1576 1446 fieri
1604 1393 1826 1460 nuptias
1850 1393 1869 1445 ?

417 1473 563 1527 Nam
591 1476 790 1542 gnatus
819 1475 963 1542 quod
995 1474 1308 1542 pollicitust,
1337 1475 1482 1529 haud
1512 1475 1794 1530 dubiumst
1821 1475 1970 1540 mihi,

322 1703 426 1746 520.
474 1694 681 1736 misere:
728 1688 1137 1750 “desperately.''

322 1780 425 1822 521.
473 1770 523 1812 id
545 1771 709 1823 negoti
744 1789 781 1803 =
810 1767 862 1813 id
881 1767 1139 1825 negotium,-

259 1841 333 1888 for
375 1842 458 1889 the
502 1859 610 1889 case
652 1841 708 1889 of
745 1843 910 1901 negoti,
956 1860 1032 1890 see
1074 1859 1137 1889 on

260 1918 442 1976 aliquid
497 1919 693 1965 monstri
751 1918 902 1982 (250).
924 1922 1138 1965 —idem

263 1993 567 2052 (masculine)
642 1993 876 2054 virtually
947 2008 1136 2054 repeats

258 2069 342 2117 the
389 2070 496 2117 idea
543 2070 797 2130 expressed
847 2069 913 2130 by
959 2082 1137 2126 tamem

259 2164 335 2194 see
359 2145 416 2193 A.
450 2149 491 2194 &
524 2145 584 2194 G.
621 2150 709 2206 298
745 2145 790 2202 b,
820 2145 874 2193 B.
911 2150 1015 2206 248,
1045 2145 1140 2194 Bu-

259 2224 364 2282 726,
400 2221 460 2270 G.
497 2239 602 2282 310,
640 2222 703 2270 H.
755 2225 796 2271 &
847 2222 901 2269 B.
952 2237 1043 2282 270
1091 2241 1135 2280 a,
1198 2262 1211 2267 ,

260 2298 322 2346 Η.
353 2303 455 2359 508.
484 2316 527 2359 3,
556 2298 609 2346 L.
639 2302 679 2347 &
707 2298 780 2346 M.
814 2314 945 2360 1059.

323 2391 425 2433 522.
473 2381 621 2423 facis:
680 2376 754 2423 for
792 2376 876 2424 the
915 2376 1027 2436 long
1065 2375 1135 2423 ul-

257 2451 394 2507 tima,
421 2470 497 2499 see
520 2469 582 2498 on
607 2467 712 2511 322.

322 2543 424 2585 523.
472 2534 649 2576 immo:
685 2528 714 2547 “
737 2527 880 2576 no!'’
922 2528 1014 2576 For
1049 2529 1133 2576 the

259 2622 341 2652 use
382 2604 437 2651 of
466 2603 562 2651 this
606 2604 756 2668 word,
797 2623 874 2652 see
917 2622 979 2651 on
1026 2620 1130 2652 201.

256 2690 530 2739 —paratoz
609 2680 683 2728 for
742 2680 825 2728 the
886 2695 1132 2730 construc-

256 2756 376 2812 tion,
412 2775 488 2804 see
521 2774 583 2804 on
617 2773 722 2816 490.

320 2848 424 2891 524.
472 2839 695 2882 omnino:
742 2833 1019 2894 “wholly.”

320 2925 423 2968 525.
469 2908 588 2958 This
648 2910 741 2958 line
799 2924 990 2970 repeats
1047 2910 1131 2958 the

257 2985 364 3033 idea
414 2985 470 3034 of
517 3000 606 3046 524
655 2986 702 3033 in
755 3004 885 3033 more
936 2986 1130 3047 explicit

256 3061 396 3117 form,
469 3061 615 3110 “and
688 3061 709 3110 I
780 3062 918 3111 don’t
989 3062 1130 3110 know

1227 1689 1445 1737 whether
1487 1689 1777 1750 everything
1817 1689 1877 1738 he
1919 1689 2022 1739 said
2066 1689 2104 1739 is

1227 1764 1614 1814 true.’'—haud
1651 1771 1753 1814 scio
1788 1783 1853 1814 an
1888 1765 1926 1814 is
1967 1765 2103 1828 quite

1227 1841 1638 1898 non-committal,
1702 1860 1752 1890 as
1814 1841 1994 1904 always
2054 1842 2102 1891 in

1226 1918 1359 1978 early
1390 1916 1550 1966 Latin.
1621 1917 1677 1966 In
1710 1917 1925 1966 classical
1957 1917 2102 1968 Latin

1226 1994 1309 2042 the
1367 1994 1539 2054 phrase
1603 1994 1739 2042 often
1805 2012 1971 2043 means
2027 1994 2101 2043 “I

1226 2088 1305 2118 arn
1331 2070 1538 2119 inclined
1575 2084 1629 2119 to
1656 2070 1800 2119 think
1813 2070 1844 2090 ''
1872 2088 1927 2119 or
1955 2073 2105 2132 “per-

1226 2146 1399 2207 haps.''

1288 2238 1392 2281 527.
1441 2229 1569 2282 quod
1613 2260 1624 2271 .
1670 2259 1681 2271 .
1727 2259 1738 2271 .
1781 2233 1986 2282 gnatus:
2027 2223 2101 2272 for

1223 2299 1307 2347 the
1337 2298 1646 2348 substantive
1675 2300 1992 2360 quod-clause,
2023 2318 2100 2348 see

1222 2375 1279 2422 A.
1315 2378 1355 2423 &
1393 2375 1454 2424 G.
1496 2390 1600 2436 572,
1630 2375 1684 2423 B.
1725 2391 1829 2436 299.
1874 2392 1892 2424 1
1936 2394 1979 2433 a,
2008 2375 2097 2424 Bu.

1222 2455 1327 2507 822,
1359 2451 1419 2500 G.
1452 2466 1556 2512 525.
1589 2468 1631 2508 2,
1664 2451 1726 2500 Η.
1759 2455 1800 2500 &
1831 2451 1885 2499 B.
1917 2467 2022 2513 552.
2057 2468 2096 2509 1,

1223 2527 1285 2575 H.
1313 2533 1415 2588 588.
1441 2545 1484 2588 3,
1509 2527 1562 2575 L.
1589 2531 1630 2576 δι
1653 2527 1727 2575 Μ.
1752 2532 1857 2589 848.

1284 2610 1387 2663 528.
1434 2614 1608 2664 gnato:
1650 2604 1832 2653 dative.

1285 2696 1389 2739 529.
1438 2687 1586 2729 alias:
1689 2681 1719 2700 “
1742 2695 1794 2730 at

1219 2756 1387 2806 time.''

1282 2849 1385 2892 530.
1429 2838 1557 2892 quod
1596 2833 1634 2881 is
1675 2833 1786 2882 here
1827 2851 1854 2882 a
1893 2833 2095 2882 relative

1218 2910 1378 2958 whose
1425 2910 1716 2958 antecedent
1761 2911 1813 2958 id
1854 2909 1892 2958 is
1938 2924 1990 2958 to
2036 2909 2095 2958 be

1219 2986 1438 3053 supplied
1498 3004 1549 3033 as
1607 2986 1875 3047 secondary
1929 2985 2094 3047 object

1217 3062 1273 3110 of
1292 3081 1442 3122 cogere
1471 3063 1621 3123 (531).

1892 2681 2097 2730 another

1557 477 1720 531 Ni'inc
1753 477 1852 531 sibi
1886 480 2104 532 uxorem
2123 506 2172 540 40

2125 1087 2171 1123 4⁵

2124 1505 2173 1542 50
